@misc{neuralstyle,
  author    = {Anish Athalye},
  title     = {Neural Style},
  year      = {2015},
  howpublished = {\url{https://github.com/anishathalye/neural-style}},
}

@article{gatys-orig,
  author    = {Leon A. Gatys and
               Alexander S. Ecker and
               Matthias Bethge},
  title     = {A Neural Algorithm of Artistic Style},
  journal   = {CoRR},
  volume    = {abs/1508.06576},
  year      = {2015},
}

@article{gatys-color,
  author    = {Leon A. Gatys and
               Matthias Bethge and
               Aaron Hertzmann and
               Eli Shechtman},
  title     = {Preserving Color in Neural Artistic Style Transfer},
  journal   = {CoRR},
  volume    = {abs/1606.05897},
  year      = {2016},
}

@article{color,
  author    = {Faridul, H. Sheikh and
               Pouli, T. and
               Chamaret, C. and
               Stauder, J. and
               Reinhard, E. and
               Kuzovkin, D. and
               Tremeau, A.},
  title     = {Colour Mapping: A Review of Recent Methods, Extensions and Applications},
  journal   = {Computer Graphics Forum},
  volume    = {35},
  number    = {1},
  pages     = {59--88},
  year      = {2016},
}

@misc{vgg,
  author    = {A. Vedaldi and
               B. Fulkerson},
  title     = {Pretrained Models},
  year      = {2014},
  howpublished = {\url{http://www.vlfeat.org/matconvnet/pretrained/}},
}

@inproceedings{pca,
  author    = {Xiao, Xuezhong and
               Ma, Lizhuang},
  title     = {Color Transfer in Correlated Color Space},
  booktitle = {Proceedings of the 2006 ACM International Conference on Virtual Reality Continuum and its Applications},
  pages     = {305--309},
  year      = {2006},
}

@article{lab,
  author    = {Daniel L. Ruderman and
               Thomas W. Cronin and
               Chuan-Chin Chiao},
  title     = {Statistics of Cone Responses to Natural Images: Implications for Visual Coding},
  journal   = {J. Opt. Soc. Am. A},
  volume    = {15},
  number    = {8},
  pages     = {2036--2045},
  year      = {1998},
}

@inproceedings{random,
  author    = {Piti√©, F and
               Kokaram, A.C. and
               Dahyot, Rozenn},
  title     = {N-Dimensional Probability Density Function Transfer and its Application to Colour Transfer},
  booktitle = {Proceedings of the IEEE International Conference on Computer Vision},
  volume    = {2},
  pages     = {1434--1439},
  year      = {2005},
}

@inproceedings{randrot,
  author    = {James Arvo},
  title     = {Fast Random Rotation Matrices},
  booktitle = {Graphics Gems III},
  year      = {1992}
}

@article{video1,
  author    = {Manuel Ruder and
               Alexey Dosovitskiy and
               Thomas Brox},
  title     = {Artistic style transfer for videos},
  journal   = {CoRR},
  volume    = {abs/1604.08610},
  year      = {2016},
}

@inproceedings{video2, 
  authors   = {H. Huang and
               H. Wang and
               W. Luo and
               L. Ma and
               W. Jiang and
               X. Zhu and
               Z. Li and
               W. Liu}, 
  title     = {Real-Time Neural Style Transfer for Videos}, 
  booktitle = {2017 IEEE Conference on Computer Vision and Pattern Recognition}, 
  year      = {2017},
  pages     = {7044--7052}, 
}
